<?xml version="1.0" encoding="UTF-8"?><record xmlns="http://www.loc.gov/MARC21/slim" xmlns:cinclude="http://apache.org/cocoon/include/1.0" xmlns:zs="http://www.loc.gov/zing/srw/">
  <leader>00453nz  a2200121n  4500</leader>
  <controlfield tag="001">nr2006027196</controlfield>
  <controlfield tag="003">DLC</controlfield>
  <controlfield tag="005">20061029075219.0</controlfield>
  <controlfield tag="008">061011n| acannaabn          |n ana     c</controlfield>
  <datafield tag="010" ind1=" " ind2=" ">
    <subfield code="a">nr2006027196</subfield>
  </datafield>
  <datafield tag="040" ind1=" " ind2=" ">
    <subfield code="a">CSt-Mus</subfield>
    <subfield code="b">eng</subfield>
    <subfield code="c">CSt-Mus</subfield>
  </datafield>
  <datafield tag="110" ind1="2" ind2=" ">
    <subfield code="a">Vox Nova Quintet</subfield>
  </datafield>
  <datafield tag="670" ind1=" " ind2=" ">
    <subfield code="a">Gabel, G. Flight [SR] 1985:</subfield>
    <subfield code="b">label (Vox Nova Quintet) container (members: Dominique Soucy, flute ; Mary Fusco, clarinet ; Alex Cook, horn ; Jennifer Graham, oboe ; Diana Jaensch, bassoon)</subfield>
  </datafield>
</record>